<?xml version="1.0" encoding="UTF-8"?><record xmlns="http://www.loc.gov/MARC21/slim" xmlns:cinclude="http://apache.org/cocoon/include/1.0" xmlns:zs="http://www.loc.gov/zing/srw/">
  <leader>00473nz  a2200145n  4500</leader>
  <controlfield tag="001">no2012036357</controlfield>
  <controlfield tag="003">DLC</controlfield>
  <controlfield tag="005">20120315075237.0</controlfield>
  <controlfield tag="008">120313n| acannaabn          |a aaa     c</controlfield>
  <datafield tag="010" ind1=" " ind2=" ">
    <subfield code="a">no2012036357</subfield>
  </datafield>
  <datafield tag="035" ind1=" " ind2=" ">
    <subfield code="a">(OCoLC)oca09142109</subfield>
  </datafield>
  <datafield tag="040" ind1=" " ind2=" ">
    <subfield code="a">PPi-MA</subfield>
    <subfield code="b">eng</subfield>
    <subfield code="c">PPi-MA</subfield>
  </datafield>
  <datafield tag="100" ind1="1" ind2=" ">
    <subfield code="a">Wayne, Jeff.</subfield>
    <subfield code="t">War of the worlds</subfield>
  </datafield>
  <datafield tag="400" ind1="1" ind2=" ">
    <subfield code="a">Wayne, Jeff.</subfield>
    <subfield code="t">Jeff Wayne's musical version of the War of the worlds</subfield>
  </datafield>
  <datafield tag="670" ind1=" " ind2=" ">
    <subfield code="a">Wayne, J. Jeff Wayne's musical version of the War of the worlds [SR] p2009.</subfield>
  </datafield>
</record>